{
  "leader": "03689cam a2200637 a 4500",
  "fields": [
    {
      "001": "ocm49888921\\"
    },
    {
      "003": "OCoLC"
    },
    {
      "005": "20230106120616.0"
    },
    {
      "008": "020530s2002\\\\\\\\oncacf\\\\\\b\\\\\\\\001\\0beng\\\\"
    },
    {
      "040": {
        "ind1": "\\",
        "ind2": "\\",
        "subfields": [
          {
            "a": "NLM"
          },
          {
            "b": "eng"
          },
          {
            "c": "NLM"
          },
          {
            "d": "NLC"
          },
          {
            "d": "CGC"
          },
          {
            "d": "HMS"
          },
          {
            "d": "MMU"
          },
          {
            "d": "OCLCF"
          },
          {
            "d": "EUW"
          },
          {
            "d": "OCLCO"
          },
          {
            "d": "OCLCQ"
          },
          {
            "d": "OCLCO"
          },
          {
            "d": "OCL"
          },
          {
            "d": "OCLCA"
          },
          {
            "d": "NLM"
          },
          {
            "d": "OCLCQ"
          },
          {
            "d": "OCLCO"
          },
          {
            "d": "OCLCA"
          },
          {
            "d": "OCLCQ"
          },
          {
            "d": "OCL"
          },
          {
            "d": "OCLCO"
          },
          {
            "d": "CASUM"
          },
          {
            "d": "OCLCO"
          }
        ]
      }
    },
    {
      "016": {
        "ind1": "\\",
        "ind2": "\\",
        "subfields": [
          {
            "a": "(AMICUS)000028925640"
          }
        ]
      }
    },
    {
      "016": {
        "ind1": "7",
        "ind2": "\\",
        "subfields": [
          {
            "a": "101161308"
          },
          {
            "2": "DNLM"
          }
        ]
      }
    },
    {
      "020": {
        "ind1": "\\",
        "ind2": "\\",
        "subfields": [
          {
            "a": "9781550092226"
          }
        ]
      }
    },
    {
      "020": {
        "ind1": "\\",
        "ind2": "\\",
        "subfields": [
          {
            "a": "1550092227"
          }
        ]
      }
    },
    {
      "035": {
        "ind1": "\\",
        "ind2": "\\",
        "subfields": [
          {
            "a": "(OCoLC)49888921"
          }
        ]
      }
    },
    {
      "042": {
        "ind1": "\\",
        "ind2": "\\",
        "subfields": [
          {
            "a": "nlmcopyc"
          }
        ]
      }
    },
    {
      "043": {
        "ind1": "\\",
        "ind2": "\\",
        "subfields": [
          {
            "a": "n-us-mo"
          }
        ]
      }
    },
    {
      "050": {
        "ind1": "\\",
        "ind2": "4",
        "subfields": [
          {
            "a": "RD27.35.G73"
          },
          {
            "b": "M84 2002x"
          }
        ]
      }
    },
    {
      "082": {
        "ind1": "0",
        "ind2": "4",
        "subfields": [
          {
            "a": "617.092"
          },
          {
            "b": "MUE"
          }
        ]
      }
    },
    {
      "100": {
        "ind1": "1",
        "ind2": "\\",
        "subfields": [
          {
            "a": "Mueller, Charles Barber,"
          },
          {
            "d": "1917-"
          }
        ]
      }
    },
    {
      "245": {
        "ind1": "1",
        "ind2": "0",
        "subfields": [
          {
            "a": "Evarts A. Graham :"
          },
          {
            "b": "the life, lives, and times of the surgical spirit of St. Louis /"
          },
          {
            "c": "C. Barber Mueller."
          }
        ]
      }
    },
    {
      "246": {
        "ind1": "3",
        "ind2": "0",
        "subfields": [
          {
            "a": "Life, lives, and times of the surgical spirit of St. Louis"
          }
        ]
      }
    },
    {
      "260": {
        "ind1": "\\",
        "ind2": "\\",
        "subfields": [
          {
            "a": "Hamilton, ON :"
          },
          {
            "b": "BC Decker,"
          },
          {
            "c": "2002."
          }
        ]
      }
    },
    {
      "300": {
        "ind1": "\\",
        "ind2": "\\",
        "subfields": [
          {
            "a": "xviii, 494 pages, 31 unnumbered pages of plates :"
          },
          {
            "b": "illustrations, portraits ;"
          },
          {
            "c": "26 cm"
          }
        ]
      }
    },
    {
      "336": {
        "ind1": "\\",
        "ind2": "\\",
        "subfields": [
          {
            "a": "text"
          },
          {
            "b": "txt"
          },
          {
            "2": "rdacontent"
          }
        ]
      }
    },
    {
      "337": {
        "ind1": "\\",
        "ind2": "\\",
        "subfields": [
          {
            "a": "unmediated"
          },
          {
            "b": "n"
          },
          {
            "2": "rdamedia"
          }
        ]
      }
    },
    {
      "338": {
        "ind1": "\\",
        "ind2": "\\",
        "subfields": [
          {
            "a": "volume"
          },
          {
            "b": "nc"
          },
          {
            "2": "rdacarrier"
          }
        ]
      }
    },
    {
      "504": {
        "ind1": "\\",
        "ind2": "\\",
        "subfields": [
          {
            "a": "Includes bibliographical references and index."
          }
        ]
      }
    },
    {
      "505": {
        "ind1": "0",
        "ind2": "\\",
        "subfields": [
          {
            "a": "1. Prologue: The Life as lived -- 2. Background and beginnings -- 3. The Mason City years -- 4. World War I -- 5. Washing University and Barnes Hospital -- 6. Cholecystography -- 7. The Penumonectomy -- 8. Faculty and staff development -- 9. The Coming of specialty surgery -- 10. Anesthesia: an unfulfilled dream -- 11. Surgical education -- 12. Colleges, societies, associations, and boards -- 13. Intramural activities. Part 1 -- 14. Intramural activities. Part 2 -- 15. Extramural activities. Part 1 -- 16. Extramural activities. Part 2 -- 17. Extramural activities. Part 3 -- 18. Smoking and lung cancer -- 19. Helen Tredway Graham: family, science, and civic conscious -- 20. Illness and finale -- 21. Epilogue: The Life as remembered -- Appendixes -- A. Curriculum vitae -- B. Publications -- C. Chief surgical residents of Barnes Hospital, Washington University (1914 to 1954) -- D. List of prote\u0301ge\u0301s who became department chairmen -- E. Graham's note on the operation on James Gilmore -- F. Peter Dean Olch -- G. Robert S. Brookings."
          }
        ]
      }
    },
    {
      "600": {
        "ind1": "1",
        "ind2": "0",
        "subfields": [
          {
            "a": "Graham, Evarts A."
          },
          {
            "q": "(Evarts Ambrose),"
          },
          {
            "d": "1883-1957."
          }
        ]
      }
    },
    {
      "610": {
        "ind1": "2",
        "ind2": "0",
        "subfields": [
          {
            "a": "Washington University (Saint Louis, Mo.)."
          },
          {
            "b": "School of Medicine."
          }
        ]
      }
    },
    {
      "650": {
        "ind1": "\\",
        "ind2": "0",
        "subfields": [
          {
            "a": "Surgery"
          },
          {
            "z": "Missouri"
          },
          {
            "x": "History"
          },
          {
            "y": "20th century."
          }
        ]
      }
    },
    {
      "650": {
        "ind1": "\\",
        "ind2": "0",
        "subfields": [
          {
            "a": "Medicine"
          },
          {
            "z": "Missouri"
          },
          {
            "x": "History"
          },
          {
            "y": "20th century."
          }
        ]
      }
    },
    {
      "650": {
        "ind1": "\\",
        "ind2": "0",
        "subfields": [
          {
            "a": "Surgeons"
          },
          {
            "z": "Missouri"
          },
          {
            "v": "Biography."
          }
        ]
      }
    },
    {
      "650": {
        "ind1": "\\",
        "ind2": "0",
        "subfields": [
          {
            "a": "Surgery."
          }
        ]
      }
    },
    {
      "600": {
        "ind1": "1",
        "ind2": "2",
        "subfields": [
          {
            "a": "Graham, Evarts A."
          },
          {
            "q": "(Evarts Ambrose),"
          },
          {
            "d": "1883-1957."
          }
        ]
      }
    },
    {
      "610": {
        "ind1": "2",
        "ind2": "2",
        "subfields": [
          {
            "a": "Washington University (Saint Louis, Mo.)."
          },
          {
            "b": "Medical School."
          }
        ]
      }
    },
    {
      "650": {
        "ind1": "1",
        "ind2": "2",
        "subfields": [
          {
            "a": "General Surgery"
          }
        ]
      }
    },
    {
      "650": {
        "ind1": "2",
        "ind2": "2",
        "subfields": [
          {
            "a": "History, 20th Century"
          }
        ]
      }
    },
    {
      "650": {
        "ind1": "2",
        "ind2": "2",
        "subfields": [
          {
            "a": "Surgery Department, Hospital"
          },
          {
            "x": "history"
          }
        ]
      }
    },
    {
      "651": {
        "ind1": "\\",
        "ind2": "2",
        "subfields": [
          {
            "a": "Missouri"
          }
        ]
      }
    },
    {
      "600": {
        "ind1": "1",
        "ind2": "7",
        "subfields": [
          {
            "a": "Graham, Evarts A."
          },
          {
            "q": "(Evarts Ambrose),"
          },
          {
            "d": "1883-1957"
          },
          {
            "2": "fast"
          },
          {
            "0": "(OCoLC)fst01720766"
          }
        ]
      }
    },
    {
      "610": {
        "ind1": "2",
        "ind2": "7",
        "subfields": [
          {
            "a": "Washington University (Saint Louis, Mo.)."
          },
          {
            "b": "School of Medicine."
          },
          {
            "2": "fast"
          },
          {
            "0": "(OCoLC)fst00572162"
          }
        ]
      }
    },
    {
      "650": {
        "ind1": "\\",
        "ind2": "7",
        "subfields": [
          {
            "a": "Medicine."
          },
          {
            "2": "fast"
          },
          {
            "0": "(OCoLC)fst01014893"
          }
        ]
      }
    },
    {
      "650": {
        "ind1": "\\",
        "ind2": "7",
        "subfields": [
          {
            "a": "Surgeons."
          },
          {
            "2": "fast"
          },
          {
            "0": "(OCoLC)fst01139336"
          }
        ]
      }
    },
    {
      "650": {
        "ind1": "\\",
        "ind2": "7",
        "subfields": [
          {
            "a": "Surgery."
          },
          {
            "2": "fast"
          },
          {
            "0": "(OCoLC)fst01139351"
          }
        ]
      }
    },
    {
      "651": {
        "ind1": "\\",
        "ind2": "7",
        "subfields": [
          {
            "a": "Missouri."
          },
          {
            "2": "fast"
          },
          {
            "0": "(OCoLC)fst01204724"
          }
        ]
      }
    },
    {
      "648": {
        "ind1": "\\",
        "ind2": "7",
        "subfields": [
          {
            "a": "1900-1999"
          },
          {
            "2": "fast"
          }
        ]
      }
    },
    {
      "655": {
        "ind1": "\\",
        "ind2": "2",
        "subfields": [
          {
            "a": "Biography"
          }
        ]
      }
    },
    {
      "655": {
        "ind1": "\\",
        "ind2": "7",
        "subfields": [
          {
            "a": "Biographies."
          },
          {
            "2": "fast"
          },
          {
            "0": "(OCoLC)fst01919896"
          }
        ]
      }
    },
    {
      "655": {
        "ind1": "\\",
        "ind2": "7",
        "subfields": [
          {
            "a": "History."
          },
          {
            "2": "fast"
          },
          {
            "0": "(OCoLC)fst01411628"
          }
        ]
      }
    },
    {
      "655": {
        "ind1": "\\",
        "ind2": "7",
        "subfields": [
          {
            "a": "Biographies."
          },
          {
            "2": "lcgft"
          }
        ]
      }
    },
    {
      "776": {
        "ind1": "0",
        "ind2": "8",
        "subfields": [
          {
            "i": "Online version:"
          },
          {
            "a": "Mueller, Charles Barber, 1917-"
          },
          {
            "t": "Evarts A. Graham."
          },
          {
            "d": "Hamilton, ON : BC Decker, 2002"
          },
          {
            "w": "(OCoLC)607204411"
          }
        ]
      }
    },
    {
      "994": {
        "ind1": "\\",
        "ind2": "\\",
        "subfields": [
          {
            "a": "Z0"
          },
          {
            "b": "NYRVC"
          }
        ]
      }
    },
    {
      "948": {
        "ind1": "\\",
        "ind2": "\\",
        "subfields": [
          {
            "h": "NO HOLDINGS IN NYRVC - 112 OTHER HOLDINGS"
          }
        ]
      }
    },
    {
      "999": {
        "ind1": "\\",
        "ind2": "\\",
        "subfields": [
          {
            "a": "00000000011864"
          }
        ]
      }
    }
  ]
}